@ARTICLE{ref1, 
	author={Abdullah Jafar Mansour Shamout, Muhammed Yusuf Mermer}, 
	journal={An example journal}, 
	title={Logic Lab}, 
	year={2023}, 
	volume={22}, 
	number={4}, 
	pages={10-16}, 
	month={March},}